@misc{criticalappraisalskillsprogrammeCASPSystematicReview2018,
  type = {Organization},
  title = {{{CASP Systematic Review Checklist}}},
  author = {{Critical Appraisal Skills Programme}},
  year = {2018},
  journal = {CASP - Critical Appraisal Skills Programme},
  urldate = {2024-06-24},
  abstract = {View or download our range of critical appraisal tools \& checklists for free including our RCT, qualitative and quantitative checklists.},
  howpublished = {https://casp-uk.net/casp-tools-checklists/},
  langid = {british},
  file = {files/8306/Critical Appraisal Skills Programme_2018_CASP Systematic Review Checklist.pdf;files/8301/casp-tools-checklists.html}
}

@techreport{eppi-centreReviewGuidelinesExtracting2003,
  type = {Guidelines},
  title = {Review Guidelines for Extracting Data and Quality Assessing Primary Studies in Educational Research},
  author = {{EPPI-Centre}},
  year = {2003},
  number = {Version 0.9.7},
  address = {London},
  institution = {Social Science Research Unit},
  urldate = {2024-06-24},
  langid = {british},
  file = {files/8304/EPPI-Centre_2003_Review guidelines for extracting data and quality assessing primary studies in.doc}
}

@techreport{universityofglasgowCriticalAppraisalChecklistn.d.nodate,
  type = {Checklist},
  title = {Critical Appraisal Checklist for a Systematic Review},
  author = {{University of Glasgow}},
  year = {n.d. (no date)},
  institution = {Department of General Practice, University of Glasgow},
  urldate = {2024-06-25},
  langid = {english},
  annotation = {Adapted from Critical Appraisal Skills Programme (CASP), Public Health Resource Unit, Institute of Health Science, Oxford; and Oxman AD, Cook DJ, Guyatt GH. Users' guides to the medical literature. VI. How to use an overview. JAMA 1994; 272:1367-1371.},
  file = {files/8308/University of Glasgow_0000_Critical appraisal checklist for a systematic review.pdf}
}

@article{wellsNewcastleottawaScaleNOS2014,
  title = {The Newcastle-Ottawa Scale ({{NOS}}) for Assessing the Quality of Nonrandomised Studies in Meta-Analyses},
  author = {Wells, George and Shea, Beverley and O'Connell, D. and Robertson, J. and Welch, V. and Losos, M. and Tugwell, P.},
  year = {2014},
  month = jan,
  journal = {Ottawa Health Research Institute Web site},
  volume = {7},
  urldate = {2024-06-25},
  keywords = {No DOI found},
  file = {files/8310/Wells et al_2014_The newcastle-ottawa scale (NOS) for assessing the quality of nonrandomised.pdf}
}
